% This file was created with JabRef 2.9.2.
% Encoding: Cp1252

@STRING{cit2005 = {{CIT} 2005}}

@STRING{eurasip_j_wcn = {{EURASIP} Journal of Wireless Communications and Networking}}

@STRING{euro_tcom = {European Transactions on Communications}}

@STRING{globecom1992 = {Proc. {IEEE} {GLOBECOM'92}}}

@STRING{globecom1994 = {Proc. {IEEE} {GLOBECOM'94}}}

@STRING{globecom1995 = {Proc. {IEEE} {GLOBECOM'95}}}

@STRING{globecom1996 = {Proc. {IEEE} {GLOBECOM'96}}}

@STRING{globecom1998 = {Proc. {IEEE} {GLOBECOM'98}}}

@STRING{globecom1999 = {Proc. {IEEE} {GLOBECOM'99}}}

@STRING{globecom2000 = {Proc. {IEEE} {GLOBECOM'00}}}

@STRING{globecom2001 = {Proc. {IEEE} {GLOBECOM'01}}}

@STRING{globecom2002 = {Proc. {IEEE} {GLOBECOM'02}}}

@STRING{globecom2003 = {Proc. {IEEE} {GLOBECOM'03}}}

@STRING{globecom2004 = {Proc. {IEEE} {GLOBECOM'04}}}

@STRING{globecom2005 = {Proc. {IEEE} {GLOBECOM'05}}}

@STRING{globecom2006 = {Proc. {IEEE} {GLOBECOM'06}}}

@STRING{globecom2007 = {Proc. {IEEE} {GLOBECOM'07}}}

@STRING{icassp1980 = {Proc. {IEEE} {ICASSP'80}}}

@STRING{icassp1997 = {Proc. {IEEE} {ICASSP'97}}}

@STRING{icassp2000 = {Proc. {IEEE} {ICASSP'00}}}

@STRING{icassp2002 = {Proc. {IEEE} {ICASSP'02}}}

@STRING{icassp2007 = {Proc. {IEEE} {ICASSP'02}}}

@STRING{icc1993 = {Proc. {IEEE} {ICC'93}}}

@STRING{icc1994 = {Proc. {IEEE} {ICC'94}}}

@STRING{icc2000 = {Proc. {IEEE} {ICC'00}}}

@STRING{icc2001 = {Proc. {IEEE} {ICC'01}}}

@STRING{icc2002 = {Proc. {IEEE} {ICC'02}}}

@STRING{icc2003 = {Proc. {IEEE} {ICC'03}}}

@STRING{icc2004 = {Proc. {IEEE} {ICC'04}}}

@STRING{icc2005 = {Proc. {IEEE} {ICC'05}}}

@STRING{icc2006 = {Proc. {IEEE} {ICC'06}}}

@STRING{icc2007 = {Proc. {IEEE} {ICC'07}}}

@STRING{icii01 = {Proc. {IEEE} {ICII'01}}}

@STRING{iee_com = {{IEE} Proc.-Commun.}}

@STRING{ieee_j_ac = {{IEEE} Trans. Automat. Contr.}}

@STRING{ieee_j_advp = {{IEEE} Trans. Adv. Packag.}}

@STRING{ieee_j_aes = {{IEEE} Trans. Aerosp. Electron. Syst.}}

@STRING{ieee_j_aire = {{IEEE} Trans. Airborne Electron.}}

@STRING{ieee_j_ane = {{IEEE} Trans. Aerosp. Navig. Electron.}}

@STRING{ieee_j_anne = {{IEEE} Trans. Aeronaut. Navig. Electron.}}

@STRING{ieee_j_ap = {{IEEE} Trans. Antennas Propagat.}}

@STRING{ieee_j_appind = {{IEEE} Trans. Applicat. Ind.}}

@STRING{ieee_j_as = {{IEEE} Trans. Aerosp.}}

@STRING{ieee_j_asc = {{IEEE} Trans. Appl. Superconduct.}}

@STRING{ieee_j_assp = {{IEEE} Trans. Acoust., Speech, Signal Processing}}

@STRING{ieee_j_au = {{IEEE} Trans. Audio}}

@STRING{ieee_j_auea = {{IEEE} Trans. Audio Electroacoust.}}

@STRING{ieee_j_awpl = {{IEEE} Antennas Wireless Propagat. Lett.}}

@STRING{ieee_j_b-me = {{IEEE} Trans. Bio-Med. Eng.}}

@STRING{ieee_j_bc = {{IEEE} Trans. Broadcast.}}

@STRING{ieee_j_bme = {{IEEE} Trans. Biomed. Eng.}}

@STRING{ieee_j_bmelc = {{IEEE} Trans. Bio-Med. Electron.}}

@STRING{ieee_j_c = {{IEEE} Trans. Comput.}}

@STRING{ieee_j_cad = {{IEEE} Trans. Computer-Aided Design}}

@STRING{ieee_j_capt = {{IEEE} Trans. Comp. Packag. Technol.}}

@STRING{ieee_j_capts = {{IEEE} Trans. Comp. Packag. Technol.}}

@STRING{ieee_j_cas = {{IEEE} Trans. Circuits Syst.}}

@STRING{ieee_j_casi = {{IEEE} Trans. Circuits Syst. {I}}}

@STRING{ieee_j_casii = {{IEEE} Trans. Circuits Syst. {II}}}

@STRING{ieee_j_casvt = {{IEEE} Trans. Circuits Syst. Video Technol.}}

@STRING{ieee_j_ce = {{IEEE} Trans. Consumer Electron.}}

@STRING{ieee_j_chmt = {{IEEE} Trans. Comp., Hybrids, Manufact. Technol.}}

@STRING{ieee_j_com = {{IEEE} Trans. Commun.}}

@STRING{ieee_j_coml = {{IEEE} Commun. Lett.}}

@STRING{ieee_j_comt = {{IEEE} Trans. Commun. Technol.}}

@STRING{ieee_j_cpart = {{IEEE} Trans. Comp. Parts}}

@STRING{ieee_j_cpmta = {{IEEE} Trans. Comp., Packag., Manufact. Technol. {A}}}

@STRING{ieee_j_cpmtb = {{IEEE} Trans. Comp., Packag., Manufact. Technol. {B}}}

@STRING{ieee_j_cpmtc = {{IEEE} Trans. Comp., Packag., Manufact. Technol. {C}}}

@STRING{ieee_j_cst = {{IEEE} Trans. Contr. Syst. Technol.}}

@STRING{ieee_j_ct = {{IEEE} Trans. Circuit Theory}}

@STRING{ieee_j_dei = {{IEEE} Trans. Dielect. Elect. Insulation}}

@STRING{ieee_j_dmr = {{IEEE} Trans. Device Mat. Rel.}}

@STRING{ieee_j_ec = {{IEEE} Trans. Energy Conversion}}

@STRING{ieee_j_ecomp = {{IEEE} Trans. Electron. Comput.}}

@STRING{ieee_j_ed = {{IEEE} Trans. Electron Devices}}

@STRING{ieee_j_edl = {{IEEE} Electron Device Lett.}}

@STRING{ieee_j_edu = {{IEEE} Trans. Educ.}}

@STRING{ieee_j_ei = {{IEEE} Trans. Elect. Insulation}}

@STRING{ieee_j_em = {{IEEE} Trans. Eng. Manage.}}

@STRING{ieee_j_emc = {{IEEE} Trans. Electromagn. Compat.}}

@STRING{ieee_j_epm = {{IEEE} Trans. Electron. Packag. Manufact.}}

@STRING{ieee_j_evc = {{IEEE} Trans. Evol. Comput.}}

@STRING{ieee_j_fuzz = {{IEEE} Trans. Fuzzy Syst.}}

@STRING{ieee_j_ge = {{IEEE} Trans. Geosci. Electron.}}

@STRING{ieee_j_grs = {{IEEE} Trans. Geosci. Remote Sensing}}

@STRING{ieee_j_hfe = {{IEEE} Trans. Hum. Factors Electron.}}

@STRING{ieee_j_ia = {{IEEE} Trans. Ind. Applicat.}}

@STRING{ieee_j_ie = {{IEEE} Trans. Ind. Electron.}}

@STRING{ieee_j_ieci = {{IEEE} Trans. Ind. Electron. Contr. Instrum.}}

@STRING{ieee_j_iga = {{IEEE} Trans. Ind. Gen. Applicat.}}

@STRING{ieee_j_im = {{IEEE} Trans. Instrum. Meas.}}

@STRING{ieee_j_ip = {{IEEE} Trans. Image Processing}}

@STRING{ieee_j_it = {{IEEE} Trans. Inform. Theory}}

@STRING{ieee_j_itbm = {{IEEE} Trans. Inform. Technol. Biomed.}}

@STRING{ieee_j_its = {{IEEE} Trans. Intell. Transport. Syst.}}

@STRING{ieee_j_jlt = {J. Lightwave Technol.}}

@STRING{ieee_j_jqe = {{IEEE} J. Quantum Electron.}}

@STRING{ieee_j_jra = {{IEEE} J. Robot. Automat.}}

@STRING{ieee_j_jsac = {{IEEE} J. Select. Areas Commun.}}

@STRING{ieee_j_jssc = {{IEEE} J. Solid-State Circuits}}

@STRING{ieee_j_jstqe = {{IEEE} J. Select. Topics Quantum Electron.}}

@STRING{ieee_j_kde = {{IEEE} Trans. Knowledge Data Eng.}}

@STRING{ieee_j_mag = {{IEEE} Trans. Magn.}}

@STRING{ieee_j_me = {{IEEE} Trans. Med. Electron.}}

@STRING{ieee_j_mech = {{IEEE/ASME} Trans. Mechatron.}}

@STRING{ieee_j_mems = {J. Microelectromech. Syst.}}

@STRING{ieee_j_mft = {{IEEE} Trans. Manufact. Technol.}}

@STRING{ieee_j_mgwl = {{IEEE} Microwave Guided Wave Lett.}}

@STRING{ieee_j_mi = {{IEEE} Trans. Med. Imag.}}

@STRING{ieee_j_mil = {{IEEE} Trans. Mil. Electron.}}

@STRING{ieee_j_mm = {{IEEE} Trans. Multimedia}}

@STRING{ieee_j_mms = {{IEEE} Trans. Man-Mach. Syst.}}

@STRING{ieee_j_mtt = {{IEEE} Trans. Microwave Theory Tech.}}

@STRING{ieee_j_mwcl = {{IEEE} Microwave Wireless Compon. Lett.}}

@STRING{ieee_j_nano = {{IEEE} Trans. Nanotechnol.}}

@STRING{ieee_j_nb = {{IEEE} Trans. Nanobiosci.}}

@STRING{ieee_j_net = {{IEEE/ACM} Trans. Networking}}

@STRING{ieee_j_nn = {{IEEE} Trans. Neural Networks}}

@STRING{ieee_j_ns = {{IEEE} Trans. Nucl. Sci.}}

@STRING{ieee_j_nsre = {{IEEE} Trans. Neural Syst. Rehab. Eng.}}

@STRING{ieee_j_oe = {{IEEE} J. Oceanic Eng.}}

@STRING{ieee_j_pami = {{IEEE} Trans. Pattern Anal. Machine Intell.}}

@STRING{ieee_j_pc = {{IEEE} Trans. Prof. Commun.}}

@STRING{ieee_j_pds = {{IEEE} Trans. Parallel Distrib. Syst.}}

@STRING{ieee_j_php = {{IEEE} Trans. Parts, Hybrids, Packag.}}

@STRING{ieee_j_pmp = {{IEEE} Trans. Parts, Mater., Packag.}}

@STRING{ieee_j_proc = {Proc. {IEEE}}}

@STRING{ieee_j_ps = {{IEEE} Trans. Plasma Sci.}}

@STRING{ieee_j_ptl = {{IEEE} Photon. Technol. Lett.}}

@STRING{ieee_j_pwras = {{IEEE} Trans. Power App. Syst.}}

@STRING{ieee_j_pwrd = {{IEEE} Trans. Power Delivery}}

@STRING{ieee_j_pwre = {{IEEE} Trans. Power Electron.}}

@STRING{ieee_j_pwrs = {{IEEE} Trans. Power Syst.}}

@STRING{ieee_j_r = {{IEEE} Trans. Rel.}}

@STRING{ieee_j_ra = {{IEEE} Trans. Robot. Automat.}}

@STRING{ieee_j_re = {{IEEE} Trans. Rehab. Eng.}}

@STRING{ieee_j_rfi = {{IEEE} Trans. Radio Freq. Interference}}

@STRING{ieee_j_sap = {{IEEE} Trans. Speech Audio Processing}}

@STRING{ieee_j_se = {{IEEE} Trans. Software Eng.}}

@STRING{ieee_j_sensor = {{IEEE} Sensors J.}}

@STRING{ieee_j_sm = {{IEEE} Trans. Semiconduct. Manufact.}}

@STRING{ieee_j_smc = {{IEEE} Trans. Syst., Man, Cybern.}}

@STRING{ieee_j_smca = {{IEEE} Trans. Syst., Man, Cybern. {A}}}

@STRING{ieee_j_smcb = {{IEEE} Trans. Syst., Man, Cybern. {B}}}

@STRING{ieee_j_smcc = {{IEEE} Trans. Syst., Man, Cybern. {C}}}

@STRING{ieee_j_sp = {{IEEE} Trans. Signal Processing}}

@STRING{ieee_j_spl = {{IEEE} Signal Processing Lett.}}

@STRING{ieee_j_ssc = {{IEEE} Trans. Syst. Sci. Cybernetics}}

@STRING{ieee_j_su = {{IEEE} Trans. Sonics Ultrason.}}

@STRING{ieee_j_tcad = {{IEEE} J. Technol. Computer Aided Design}}

@STRING{ieee_j_tjmj = {{IEEE} Transl. J. Magn. Jpn.}}

@STRING{ieee_j_ue = {{IEEE} Trans. Ultrason. Eng.}}

@STRING{ieee_j_uffc = {{IEEE} Trans. Ultrason., Ferroelect., Freq. Contr.}}

@STRING{ieee_j_vc = {{IEEE} Trans. Veh. Commun.}}

@STRING{ieee_j_vcg = {{IEEE} Trans. Visual. Comput. Graphics}}

@STRING{ieee_j_vlsi = {{IEEE} Trans. {VLSI} Syst.}}

@STRING{ieee_j_vt = {{IEEE} Trans. Veh. Technol.}}

@STRING{ieee_j_wcom = {{IEEE} Trans. Wireless Commun.}}

@STRING{ieee_m_aes = {{IEEE} Aerosp. Electron. Syst. Mag}}

@STRING{ieee_m_ap = {{IEEE} Antennas Propagat. Mag.}}

@STRING{ieee_m_assp = {{IEEE} {ASSP} Mag.}}

@STRING{ieee_m_c = {{IEEE} Computer}}

@STRING{ieee_m_cap = {{IEEE} Comput. Appl. Power}}

@STRING{ieee_m_cas = {{IEEE} Circuits Syst. Mag.}}

@STRING{ieee_m_cd = {{IEEE} Circuits Devices Mag.}}

@STRING{ieee_m_cga = {{IEEE} Comput. Graph. Appl.}}

@STRING{ieee_m_com = {{IEEE} Commun. Mag.}}

@STRING{ieee_m_comsoc = {{IEEE} Commun. Soc. Mag.}}

@STRING{ieee_m_conc = {{IEEE} Concurrency}}

@STRING{ieee_m_cs = {{IEEE} Control Syst. Mag.}}

@STRING{ieee_m_cse = {{IEEE} Comput. Sci. Eng.}}

@STRING{ieee_m_csem = {{IEEE} Comput. Sci. Eng. Mag.}}

@STRING{ieee_m_dtc = {{IEEE} Des. Test. Comput.}}

@STRING{ieee_m_ei = {{IEEE} Electr. Insul. Mag.}}

@STRING{ieee_m_emb = {{IEEE} Eng. Med. Biol. Mag.}}

@STRING{ieee_m_emr = {{IEEE} Eng. Manag. Rev.}}

@STRING{ieee_m_exp = {{IEEE} Expert}}

@STRING{ieee_m_hist = {{IEEE} Annals Hist. Comput.}}

@STRING{ieee_m_ia = {{IEEE} Ind. Appl. Mag.}}

@STRING{ieee_m_ic = {{IEEE} Internet Comput.}}

@STRING{ieee_m_im = {{IEEE} Instrum. Meas. Mag.}}

@STRING{ieee_m_is = {{IEEE} Intell. Syst.}}

@STRING{ieee_m_itp = {{IEEE} {IT} Prof.}}

@STRING{ieee_m_micro = {{IEEE} Micro}}

@STRING{ieee_m_mm = {{IEEE} Multimedia}}

@STRING{ieee_m_mw = {{IEEE} Microwave}}

@STRING{ieee_m_net = {{IEEE} Network}}

@STRING{ieee_m_pcom = {{IEEE} Personal Commun. Mag.}}

@STRING{ieee_m_pe = {{IEEE} Power Energy Mag.}}

@STRING{ieee_m_per = {{IEEE} Power Eng. Rev.}}

@STRING{ieee_m_pot = {{IEEE} Potentials}}

@STRING{ieee_m_ra = {{IEEE} Robot. Automat. Mag.}}

@STRING{ieee_m_s = {{IEEE} Softw.}}

@STRING{ieee_m_sp = {{IEEE} Signal Processing Mag.}}

@STRING{ieee_m_spect = {{IEEE} Spectr.}}

@STRING{ieee_m_today = {Today's Eng.}}

@STRING{ieee_m_ts = {{IEEE} Technol. Soc. Mag.}}

@STRING{ieee_m_wc = {{IEEE} Wireless Commun. Mag.}}

@STRING{infocom2004 = {Proc. {INFOCOM 2004}}}

@STRING{inowo2005 = {Proc. Int. {OFDM}-Workshop {InOWo'05}}}

@STRING{inowo2006 = {Proc. Int. {OFDM}-Workshop {InOWo'06}}}

@STRING{inowo2007 = {Proc. Int. {OFDM}-Workshop {InOWo'07}}}

@STRING{inowo2010 = {Proc. Int. {OFDM}-Workshop {InOWo'10}}}

@STRING{ire = {{IRE} International Convention Record}}

@STRING{iswcs08 = {Proc. {IEEE} {ISWCS'08}}}

@STRING{pimrc1996 = {Proc. {IEEE} {PIMRC'96}}}

@STRING{pimrc1997 = {Proc. {IEEE} {PIMRC'97}}}

@STRING{pimrc2000 = {Proc. {IEEE} {PIMRC'00}}}

@STRING{pimrc2003 = {Proc. {IEEE} {PIMRC'03}}}

@STRING{pimrc2004 = {Proc. {IEEE} {PIMRC'04}}}

@STRING{pimrc2005 = {Proc. {IEEE} {PIMRC'05}}}

@STRING{pimrc2006 = {Proc. {IEEE} {PIMRC'06}}}

@STRING{pimrc2007 = {Proc. {IEEE} {PIMRC'07}}}

@STRING{pimrc2012 = {Proc. {IEEE} {PIMRC'12}}}

@STRING{vtc1994 = {Proc. {IEEE} {VTC'94}}}

@STRING{vtc1995 = {Proc. {IEEE} {VTC'95}}}

@STRING{vtc1997 = {Proc. {IEEE} {VTC'97}}}

@STRING{vtc1998 = {Proc. {IEEE} {VTC'98}}}

@STRING{vtc1999 = {Proc. {IEEE} {VTC'99}}}

@STRING{vtc1999f = {Proc. {IEEE} {VTC'99} Fall}}

@STRING{vtc2000 = {Proc. {IEEE} {VTC'00}}}

@STRING{vtc2000f = {Proc. {IEEE} {VTC'00} Fall}}

@STRING{vtc2001 = {Proc. {IEEE} {VTC'01}}}

@STRING{vtc2001f = {Proc. {IEEE} {VTC'01} Fall}}

@STRING{vtc2001s = {Proc. {IEEE} {VTC'01} Spring}}

@STRING{vtc2002 = {Proc. {IEEE} {VTC'02}}}

@STRING{vtc2002f = {Proc. {IEEE} {VTC'02} Fall}}

@STRING{vtc2002s = {Proc. {IEEE} {VTC'02} Spring}}

@STRING{vtc2003f = {Proc. {IEEE} {VTC'03} Fall}}

@STRING{vtc2007 = {Proc. {IEEE} {VTC'07}}}

@STRING{vtc2012s = {Proc. {IEEE} {VTC2012}-Spring}}

@STRING{wcnc2002 = {Proc. {IEEE} {WCNC'02}}}

@STRING{wcnc2004 = {Proc. {IEEE} {WCNC'04}}}

@STRING{wicom2006 = {Proc. Wi{COM} 2006}}

@STRING{wpc = {Wireless Personal Communications}}

@STRING{wpmc2002 = {Proc. {WPMC'02}}}

@STRING{wpmc2005 = {Proc. {WPMC'05}}}

@STRING{wsa2012 = {Proc. {WSA 2012}}}

@STRING{wvitae2011 = {Proc. Wireless {VITAE} 2011}}

@BOOK{Abramowitz1972,
  title = {{Handbook of Mathematical Functions}},
  publisher = {Dover Publications},
  year = {1972},
  editor = {Abramowitz, Milton and Stegun, Irene A},
  edition = {9},
  date-modified = {2012-01-30 14:31:21 +0000}
}



@STRING{IEEE_J_NS         = "{IEEE} Trans. Nucl. Sci."}
@STRING{IEEE_J_CAS        = "{IEEE} Trans. Circuits Syst."}
@STRING{IEEE_J_CASI       = "{IEEE} Trans. Circuits Syst. {I}"}
@STRING{IEEE_J_CASII      = "{IEEE} Trans. Circuits Syst. {II}"}
@STRING{NIM     = "Nuclear Instruments and Methods"}
@STRING{RSI     = "Review of Scientific Instruments"}
@STRING{RNC     = "Rivista del Nuovo Cimento "}
@STRING{ARNPS   = "Annual Review of Nuclear and Particle Science"}
@STRING{NSSCR   = "Nuclear Science Symposium Conference Record, IEEE"}
@STRING{P_IEEE   = "Proceedings of the IEEE"}
@STRING{PHILOS_MAG_S7 = "Philosophical Magazine Series 7"}


@ARTICLE{abusleme101, 
author={Abusleme, A. and Dragone, A. and Haller, G. and Wooley, B.A.}, 
journal= {Nuclear Science, IEEE Transactions on}, 
title={Beam{C}al {I}nstrumentation {IC}: {D}esign, {I}mplementation, and {T}est {R}esults}, 
year={2012}, 
volume={59}, 
number={3}, 
pages={589-596}}

@PhdThesis{abuslemethesis,
    author     =     {Angel Abusleme},
    title     =     {{The Bean: A Pulse Processor for a Particle Physics Experiment}},
    school     =     {Stanford University},
    year     =     {2011},
    }

@PhdThesis{Attila,
    author  = {Attila Hidvégi},
    title   = {{FPGA-based Instrumentation for Advanced Physics Experiments}},
    school  = {Stckholm University},
    year    = {2011},
}

@MastersThesis{enriquethesis,
    author     =     {Enrique Alvarez},
    title     =     {{CMOS Techniques in Integrated Circuits for Particle Physics Experiments}},
    school     =     {Pontificia Universidad Cat\'olica de Chile},
    year     =     {2013},
    }

@MastersThesis{diegothesis,
    author    =   {Diego \'Avila},
    title     =   {{Discrete-Time Noise Filtering for Pulse-Processing in Particle Physics Experiments}},
    school    =   {Pontificia Universidad Cat\'olica de Chile},
    year      =   {2014},
    }

%archivo incluido
@ARTICLE{tuttle101, 
author={Tuttle, K.}, 
journal= {Symmetry Magazine} , 
title={Why particle physics matters}, 
year={2013}
}

@misc{ ilc101,
    author  = {ILC},
    title   = {The International Linear Collider - Getway to the Quantum Universe},
    year    = {2007},
    url     = {http://www.linearcollider.org/ILC/Publications/Getway-to-the-Quantum-Universe}  
}

@misc{ wiki,
    author  = {Wikipedia},
    title   = {Particle physics},
    year    = {2015},
    url     = {http://en.wikipedia.org/wiki/Particle_physics}
  
}


%archivo incluido
@misc{cern101, 
author={CERN}, 
title={{H}ow {D}etectors {W}orks}, 
year={2013},
url={http://home.web.cern.ch/about/how-detector-works/}, 
}

@ARTICLE{avila101, 
author={Avila, D. and Alvarez, E. and Abusleme, A.}, 
journal={Nuclear Science, IEEE Transactions on},
title={Noise Analysis in Pulse-Processing Discrete-Time Filters}, 
year={2013}, 
volume={60}, 
number={6}, 
pages={4634-4640}, }

@INPROCEEDINGS{4669290, 
author={M. Liu and W. Kuehn and Z. Lu and A. Jantsch}, 
booktitle={2008 11th EUROMICRO Conference on Digital System Design Architectures, Methods and Tools}, 
title={System-on-an-FPGA Design for Real-time Particle Track Recognition and Reconstruction in Physics Experiments}, 
year={2008}, 
pages={599-605}, 
doi={10.1109/DSD.2008.97}, 
month={Sept},}

@ARTICLE{1644925, 
author={S. Anvar and O. Gachelin and P. Kestener and H. Le Provost and I. Mandjavidze}, 
journal={IEEE Transactions on Nuclear Science}, 
title={FPGA-based system-on-chip designs for real-time applications in particle physics}, 
year={2006}, 
volume={53}, 
number={3}, 
pages={682-687}, 
ISSN={0018-9499}, 
month={June},}

@INPROCEEDINGS{6341473, 
author={H. F. Ugurdag and A. Basaran and T. Akdogan and V. U. Güney and S. Gören}, 
booktitle={2012 IEEE 23rd International Conference on Application-Specific Systems, Architectures and Processors}, 
title={FPGA Based Particle Identification in High Energy Physics Experiments}, 
year={2012}, 
pages={181-184}, 
doi={10.1109/ASAP.2012.22}, 
ISSN={1063-6862}, 
month={July},}

@book{spieler2005semiconductor,
  title={Semiconductor Detector Systems},
  author={Spieler, H.},
  isbn={9780198527848},
  lccn={2006295669},
  series={Oxford scholarship online},
  year={2005},
  publisher={Oxford University Press}
}

@ARTICLE{guzman101, 
author={Guzman, D. and Abusleme, A. and Guarini, M. and Alessandri, C. and Avila, D. and Alvarez, E. and Oberli, C.}, 
journal={{Proceedings of the Scientific Detectors Workshop}}, 
title={Theoretical considerations, early results and plans for an {ASIC} to implement weighted multiple sampling in scientific {CCDs}}, 
year={2013},}