@Book{ARN85,
  author = 	 {V. L. Arnol$'$d and A. N. Varchenko and S. M. Gusein-Zade},
  ALTeditor = 	 {},
  title = 	 {Singularities of Differentiable Maps},
  publisher = 	 {Nauka},
  year = 	 {1982},
  OPTkey = 	 {},
  volume = 	 {I},
  OPTnumber = 	 {},
  OPTseries = 	 {},
  address = 	 {Moscow},
  edition = 	 {Original 1982 edition in Russian, English transl., 
                  Birkh\"auser, 1985},
  OPTmonth = 	 {},
  OPTnote = 	 {},
  OPTannote = 	 {}
}

@Book{ARN88,
  author = 	 {V. L. Arnol$'$d and A. N. Varchenko and S. M. Gusein-Zade},
  ALTeditor = 	 {},
  title = 	 {Singularities of Differentiable Maps},
  publisher = 	 {Nauka},
  year = 	 {1984},
  OPTkey = 	 {},
  volume = 	 {II},
  OPTnumber = 	 {},
  OPTseries = 	 {},
  address = 	 {Moscow},
  edition = 	 {Original 1984 edition in Russian, English transl., 
                  Birkh\"auser, 1988},
  OPTmonth = 	 {},
  OPTnote = 	 {},
  OPTannote = 	 {}
}

@PhdThesis{CEC70,
  author = 	 {S. O. Cecil},
  title = 	 {Correlations of Rock Bolt Shotcrete Support and Rock 
                  Quality Parameters in Scandinavian Tunnels},
  school = 	 {Departament of Civil Engineering, University of Illinois 
                  at Urbana Champaign},
  year = 	 {1970},
  OPTkey = 	 {},
  OPTtype = 	 {},
  address = 	 {U.S.A.},
  OPTmonth = 	 {},
  OPTnote = 	 {},
  OPTannote = 	 {}
}

@Manual{CHAR91,
  title = 	 {Maple {V} Language Reference Manual},
  OPTkey = 	 {},
  author = 	 {B. W. Char and K. O. Geddes and G. H. Gonnet 
                  and B. Leong and M. B. Monagan and S. M. Watt},
  OPTorganization = {},
  OPTaddress = 	 {},
  edition = 	 {Springer-Verlag},
  OPTmonth = 	 {},
  year = 	 {1991},
  OPTnote = 	 {},
  OPTannote = 	 {}
}

@TechReport{GOD97,
  author = 	 {J.-M. Godhavn and A. Balluchi and L. S. Crawford 
                  and S. S. Sastry},
  title = 	 {Control of Nonholonomic Systems with Drift Terms},
  institution =  {UC Berkeley-ERL},
  year = 	 {1997},
  OPTkey = 	 {},
  type = 	 {Memorandum M97/01},
  OPTnumber = 	 {},
  OPTaddress = 	 {},
  OPTmonth = 	 {},
  OPTnote = 	 {},
  OPTannote = 	 {}
}

@Book{KNU86,
  author = 	 {D[onald] E. Knuth},
  ALTeditor = 	 {},
  title = 	 {Computers \& Typesetting, Volume {A}: The {\TeX}book},
  publisher = 	 {Addison-Wesley},
  year = 	 {1986},
  OPTkey = 	 {},
  OPTvolume = 	 {},
  OPTnumber = 	 {},
  OPTseries = 	 {},
  OPTaddress = 	 {},
  OPTedition = 	 {},
  OPTmonth = 	 {},
  OPTnote = 	 {},
  OPTannote = 	 {}
}

@Book{KNU88,
  author = 	 {D. E. Knuth and T. Larrabee and P. M. Roberts},
  ALTeditor = 	 {},
  title = 	 {Mathematical Writing},
  publisher = 	 {The Mathematical Association of America},
  year = 	 {1988},
  OPTkey = 	 {},
  OPTvolume = 	 {},
  OPTnumber = 	 {},
  OPTseries = 	 {},
  OPTaddress = 	 {},
  OPTedition = 	 {},
  OPTmonth = 	 {},
  OPTnote = 	 {},
  OPTannote = 	 {}
}

@Book{HIG98,
  author = 	 {N. J. Higham},
  ALTeditor = 	 {},
  title = 	 {Handbook of Writing for the Mathematical Sciences},
  publisher = 	 {Society for Industrial and Applied Mathematics (SIAM)},
  year = 	 {1998},
  OPTkey = 	 {},
  OPTvolume = 	 {},
  OPTnumber = 	 {},
  OPTseries = 	 {},
  OPTaddress = 	 {},
  edition = 	 {2$^{nd}$},
  OPTmonth = 	 {August},
  OPTnote = 	 {},
  OPTannote = 	 {}
}

@Book{LAM94,
  author = 	 {L[eslie] Lamport},
  ALTeditor = 	 {},
  title = 	 {{\LaTeX{}} -- A Document Preparation System},
  publisher = 	 {Addison-Wesley},
  year = 	 {1994},
  key = 	 {},
  OPTvolume = 	 {},
  OPTnumber = 	 {},
  OPTseries = 	 {},
  OPTaddress = 	 {},
  edition = 	 {Updated for {\LaTeX{}} $2_\varepsilon$, $2^{nd}$},
  OPTmonth = 	 {},
  OPTnote = 	 {},
  OPTannote = 	 {}
}

@Article{MAN77,
  author = 	 {C. F. Manski},
  title = 	 {The structure of random utility models},
  journal = 	 {Theory and Decisions},
  year = 	 {1977},
  OPTkey = 	 {},
  volume = 	 {v. 8},
  number = 	 {n. 3},
  pages = 	 {229--254},
  OPTmonth = 	 {},
  OPTnote = 	 {},
  OPTannote = 	 {}
}

@Manual{MEI05,
  title = 	 {The \textsf{apacite} package. {\em Citation and reference 
                  list with {\LaTeX{}} and {\textsc{Bib}\TeX{}} according 
                  to the rules of the American Psychological Association}},
  OPTkey = 	 {},
  author = 	 {E[rik] Meijer},
  organization = {Department of Econometrics, University of Groningen},
  address = 	 {9700 {AV} {G}roningen, {T}he {N}etherlands, {PO} Box 800},
  OPTedition = 	 {},
  month = 	 {June},
  year = 	 {2005},
  OPTnote = 	 {},
  OPTannote = 	 {}
}

@Book{SAB04,
  author = 	 {W. A. Sabin},
  ALTeditor = 	 {},
  title = 	 {The {G}regg Reference Manual: A Manual of Style, 
                  Grammar, Usage, and Formatting},
  publisher = 	 {McGraw-Hill},
  year = 	 {2004},
  OPTkey = 	 {},
  OPTvolume = 	 {},
  OPTnumber = 	 {},
  OPTseries = 	 {},
  OPTaddress = 	 {},
  edition = 	 {$10^{th}$},
  OPTmonth = 	 {},
  OPTnote = 	 {},
  OPTannote = 	 {}
}

@Manual{SIBUC05,
  title = 	 {Normalizaci\'on de las Tesis de Grado o Titulaci\'on},
  OPTkey = 	 {},
  author = 	 {{Sistema de Bibliotecas}},
  organization = {Pontificia Universidad Cat\'olica de Chile},
  address = 	 {Pontificia Universidad Cat\'olica de Chile},
  OPTedition = 	 {},
  month = 	 {April},
  year = 	 {2005},
  OPTnote = 	 {},
  OPTannote = 	 {}
}

@Book{SPI90,
  author = 	 {M. D. Spivak},
  ALTeditor = 	 {},
  title = 	 {The Joy of {\TeX}},
  publisher = 	 {American Mathematical Society},
  year = 	 {1990},
  OPTkey = 	 {},
  OPTvolume = 	 {},
  OPTnumber = 	 {},
  OPTseries = 	 {},
  OPTaddress = 	 {},
  edition = 	 {$2^{nd}$},
  OPTmonth = 	 {},
  OPTnote = 	 {},
  OPTannote = 	 {}
}

@Book{STR99,
  author = 	 {W. Strunk and E. B. White and R. Angell},
  ALTeditor = 	 {},
  title = 	 {The Elements of Style},
  publisher = 	 {Allyn \& Bacon},
  year = 	 {1999},
  OPTkey = 	 {},
  OPTvolume = 	 {},
  OPTnumber = 	 {},
  OPTseries = 	 {},
  OPTaddress = 	 {},
  edition = 	 {$4^{th}$},
  OPTmonth = 	 {},
  OPTnote = 	 {},
  OPTannote = 	 {}
}

@InBook{TAL93,
  author = 	 {R. Talluri and J. Aggarwal},
  editor = 	 {C. H. Chen, L. F. Pau, P. S. P. Wang},
  title = 	 {Handbook of Pattern Recognition and Computer Vision},
  chapter = 	 {Positional estimation techniques for an autonomous
                   mobile robot -- a review},
  publisher = 	 {World Scientific Publishing Co.},
  year = 	 {1993},
  OPTkey = 	 {},
  OPTvolume = 	 {},
  OPTnumber = 	 {},
  OPTseries = 	 {},
  OPTtype = 	 {},
  OPTaddress = 	 {},
  OPTedition = 	 {},
  OPTmonth = 	 {},
  OPTpages = 	 {769--801},
  OPTnote = 	 {},
  OPTannote = 	 {}
}

@InProceedings{TAY03,
  author = 	 {D. W. Taylor and P. N. Johnson and W. T. Faulkner},
  title = 	 {Local area radio navigation: a tool for GPS-denied 
                  geolocation},
  OPTcrossref =  {},
  OPTkey = 	 {},
  booktitle = {Proc. of the SPIE-Aerosense Conference, Orlando, Florida, 
               24 April 2003},
  pages = 	 {125--136},
  year = 	 {2003},
  OPTeditor = 	 {},
  volume = 	 {v. 5084 - Location Services and Navigation Technologies},
  OPTnumber = 	 {},
  OPTseries = 	 {},
  OPTaddress = 	 {},
  OPTmonth = 	 {},
  OPTorganization = {},
  OPTpublisher = {},
  OPTnote = 	 {},
  OPTannote = 	 {}
}

@Book{UCP03,
  author = 	 {{University of Chicago Press Staff}},
  ALTeditor = 	 {},
  title = 	 {The Chicago Manual of Style},
  publisher = 	 {University of Chicago Press},
  year = 	 {2003},
  OPTkey = 	 {},
  OPTvolume = 	 {},
  OPTnumber = 	 {},
  OPTseries = 	 {},
  OPTaddress = 	 {},
  edition = 	 {$15^{th}$},
  OPTmonth = 	 {},
  OPTnote = 	 {},
  OPTannote = 	 {}
}

@Book{LEU92,
  author = 	 {M[arie]-C[laire] {van Leunen}},
  ALTeditor = 	 {},
  title = 	 {A Handbook for Scholars},
  publisher = 	 {Oxford University Press},
  year = 	 {1992},
  OPTkey = 	 {},
  OPTvolume = 	 {},
  OPTnumber = 	 {},
  OPTseries = 	 {},
  OPTaddress = 	 {},
  edition = 	 {revised},
  OPTmonth = 	 {},
  OPTnote = 	 {},
  OPTannote = 	 {}
}

@Manual{WIL96,
  title = 	 {The \textsf{Harvard} family of bibliography styles.  
                  {\em The \texttt{harvard} package documentation}},
  OPTkey = 	 {},
  author = 	 {P. Williams and T. Schnier},
  organization = {Design Computing Unit, 
                  Department of Architectural and Design Science, 
                  University of Sidney},
  OPTaddress = 	 {},
  OPTedition = 	 {},
  OPTmonth = 	 {},
  year = 	 {1996},
  OPTnote = 	 {},
  OPTannote = 	 {}
}

@InProceedings{CYB00,
  author = 	 {Alfa Cyborg},
  title = 	 {The Life in {U}nimatrix {O}ne},
  OPTcrossref =  {},
  OPTkey = 	 {},
  booktitle =    PROCL # { } # CDC,
  pages = 	 {1001--1005},
  year = 	 {3000},
  OPTeditor = 	 {},
  volume = 	 {III},
  OPTnumber = 	 {},
  OPTseries = 	 {},
  address = 	 {Delta Quadrant},
  month = 	 {December},
  OPTorganization = {},
  publisher = IEEP,
  OPTnote = 	 {},
  OPTannote = 	 {}
}

